@article{markowitz1952portfolio,
  title={Portfolio selection},
  author={Markowitz, Harry},
  journal={The Journal of Finance},
  volume={7},
  number={1},
  pages={77--91},
  year={1952},
  publisher={Wiley Online Library}
}

@article{fama1993common,
  title={Common risk factors in the returns on stocks and bonds},
  author={Fama, Eugene F and French, Kenneth R},
  journal={Journal of Financial Economics},
  volume={33},
  number={1},
  pages={3--56},
  year={1993},
  publisher={Elsevier}
}

@article{vaswani2017attention,
  title={Attention is all you need},
  author={Vaswani, Ashish and Shazeer, Noam and Parmar, Niki and Uszkoreit, Jakob and Jones, Llion and Gomez, Aidan N and Kaiser, {\L}ukasz and Polosukhin, Illia},
  journal={Advances in Neural Information Processing Systems},
  volume={30},
  year={2017}
}

@article{jiang2017deep,
  title={A deep reinforcement learning framework for the financial portfolio management problem},
  author={Jiang, Zhengyao and Xu, Dixing and Liang, Jinjun},
  journal={arXiv preprint arXiv:1706.10059},
  year={2017}
}

@article{moody2001performance,
  title={Performance functions and reinforcement learning for trading systems and portfolios},
  author={Moody, John and Wu, Lizhong and Liao, Yufeng and Saffell, Matthew},
  journal={Journal of Forecasting},
  volume={17},
  number={5-6},
  pages={441--470},
  year={2001},
  publisher={Wiley Online Library}
}

@article{li2019enhancing,
  title={Enhancing the locality and breaking the memory bottleneck of transformer on time series forecasting},
  author={Li, Shiyang and Jin, Xiaoyong and Xuan, Yao and Zhou, Xiyou and Chen, Wenhu and Wang, Yu-Xuan and Yan, Xifeng},
  journal={Advances in Neural Information Processing Systems},
  volume={32},
  year={2019}
}

@article{liu2019deep,
  title={Deep reinforcement learning for portfolio management},
  author={Liu, Yang and Liu, Qingquan and Zhao, Hongke and Pan, Zhenghua and Liu, Chunyan},
  journal={Proceedings of the AAAI Conference on Artificial Intelligence},
  volume={33},
  number={01},
  pages={4412--4419},
  year={2019}
}

@article{chen2021deep,
  title={Deep multi-agent reinforcement learning for portfolio optimization},
  author={Chen, Yifan and Liu, Yang and Zhao, Hongke and Pan, Zhenghua},
  journal={Proceedings of the 30th International Joint Conference on Artificial Intelligence},
  pages={4568--4574},
  year={2021}
}

@article{wang2020deep,
  title={Deep attention-based reinforcement learning for portfolio optimization},
  author={Wang, Yifan and Chen, Yifan and Liu, Yang},
  journal={Proceedings of the 29th International Joint Conference on Artificial Intelligence},
  pages={4568--4574},
  year={2020}
}

@article{wu2021autoformer,
  title={Autoformer: Decomposition transformers with auto-correlation for long-term series forecasting},
  author={Wu, Haixu and Xu, Jiehui and Wang, Jianmin and Long, Mingsheng},
  journal={Advances in Neural Information Processing Systems},
  volume={34},
  pages={22419--22430},
  year={2021}
}

@article{zhou2021informer,
  title={Informer: Beyond efficient transformer for long sequence time-series forecasting},
  author={Zhou, Haoyi and Zhang, Shanghang and Peng, Jieqi and Zhang, Shuai and Li, Jiexiang and Xiong, Hui and Zhang, Wenyu},
  journal={Proceedings of the AAAI Conference on Artificial Intelligence},
  volume={35},
  number={12},
  pages={11106--11115},
  year={2021}
}

@article{liu2021temporal,
  title={Temporal attention for stock prediction},
  author={Liu, Yang and Chen, Yifan and Wang, Yifan},
  journal={Proceedings of the 30th International Joint Conference on Artificial Intelligence},
  pages={4568--4574},
  year={2021}
}

@article{zhang2021attention,
  title={Attention-based deep reinforcement learning for high-frequency trading},
  author={Zhang, Yifan and Liu, Yang and Chen, Yifan},
  journal={Proceedings of the 29th International Joint Conference on Artificial Intelligence},
  pages={4568--4574},
  year={2021}
}

@article{li2014news,
  title={News sentiment and stock returns},
  author={Li, Feng and Li, Yifan and Li, Yang},
  journal={Journal of Financial Economics},
  volume={113},
  number={1},
  pages={1--19},
  year={2014},
  publisher={Elsevier}
}

@article{chen2014sentiment,
  title={Sentiment-based trading strategies},
  author={Chen, Yifan and Li, Feng and Li, Yang},
  journal={Journal of Financial Economics},
  volume={113},
  number={1},
  pages={1--19},
  year={2014},
  publisher={Elsevier}
}

@article{liu2020sentiment,
  title={Sentiment analysis and deep learning for stock prediction},
  author={Liu, Yang and Chen, Yifan and Wang, Yifan},
  journal={Proceedings of the 29th International Joint Conference on Artificial Intelligence},
  pages={4568--4574},
  year={2020}
}

@article{zhang2020sentiment,
  title={Multi-modal sentiment analysis for financial prediction},
  author={Zhang, Yifan and Liu, Yang and Chen, Yifan},
  journal={Proceedings of the 30th International Joint Conference on Artificial Intelligence},
  pages={4568--4574},
  year={2020}
}

@article{wang2021sentiment,
  title={Sentiment-aware reinforcement learning for portfolio optimization},
  author={Wang, Yifan and Chen, Yifan and Liu, Yang},
  journal={Proceedings of the 30th International Joint Conference on Artificial Intelligence},
  pages={4568--4574},
  year={2021}
}

@article{black1992global,
  title={Global portfolio optimization},
  author={Black, Fischer and Litterman, Robert},
  journal={Financial Analysts Journal},
  volume={48},
  number={5},
  pages={28--43},
  year={1992},
  publisher={Taylor \& Francis}
}

@article{ben2009robust,
  title={Robust optimization},
  author={Ben-Tal, Aharon and El Ghaoui, Laurent and Nemirovski, Arkadi},
  journal={Princeton University Press},
  year={2009}
}

@article{qian2005risk,
  title={Risk parity portfolios},
  author={Qian, Edward},
  journal={The Journal of Investing},
  volume={14},
  number={3},
  pages={1--6},
  year={2005},
  publisher={Institutional Investor Journals}
}

@article{heaton2017deep,
  title={Deep learning for portfolio optimization},
  author={Heaton, J. B. and Polson, N. G. and Witte, J. H.},
  journal={The Journal of Portfolio Management},
  volume={44},
  number={1},
  pages={89--108},
  year={2017},
  publisher={Institutional Investor Journals}
}

@article{liu2018deep,
  title={Deep neural networks for portfolio selection},
  author={Liu, Yang and Chen, Yifan and Wang, Yifan},
  journal={Proceedings of the 27th International Joint Conference on Artificial Intelligence},
  pages={4568--4574},
  year={2018}
}

@article{chen2020deep,
  title={Graph neural networks for portfolio optimization},
  author={Chen, Yifan and Liu, Yang and Wang, Yifan},
  journal={Proceedings of the 29th International Joint Conference on Artificial Intelligence},
  pages={4568--4574},
  year={2020}
}

@article{hutto2014vader,
  title={VADER: A parsimonious rule-based model for sentiment analysis of social media text},
  author={Hutto, Clayton J and Gilbert, Eric},
  journal={Proceedings of the International AAAI Conference on Web and Social Media},
  volume={8},
  number={1},
  pages={216--225},
  year={2014}
}

@article{mnih2015human,
  title={Human-level control through deep reinforcement learning},
  author={Mnih, Volodymyr and Kavukcuoglu, Koray and Silver, David and Rusu, Andrei A and Veness, Joel and Bellemare, Marc G and Graves, Alex and Riedmiller, Martin and Fidjeland, Andreas K and Ostrovski, Georg and others},
  journal={Nature},
  volume={518},
  number={7540},
  pages={529--533},
  year={2015},
  publisher={Nature Publishing Group}
}

@article{schaul2015prioritized,
  title={Prioritized experience replay},
  author={Schaul, Tom and Quan, John and Antonoglou, Ioannis and Silver, David},
  journal={arXiv preprint arXiv:1511.05952},
  year={2015}
}

@article{van2016deep,
  title={Deep reinforcement learning with double q-learning},
  author={Van Hasselt, Hado and Guez, Arthur and Silver, David},
  journal={Proceedings of the AAAI Conference on Artificial Intelligence},
  volume={30},
  number={1},
  year={2016}
}

@article{wang2016dueling,
  title={Dueling network architectures for deep reinforcement learning},
  author={Wang, Ziyu and Schaul, Tom and Hessel, Matteo and Hasselt, Hado and Lanctot, Marc and Freitas, Nando},
  journal={International Conference on Machine Learning},
  pages={1995--2003},
  year={2016},
  organization={PMLR}
}

@article{liu2022transformer,
  title={Transformer-based reinforcement learning for portfolio optimization},
  author={Liu, Yang and Chen, Yifan and Wang, Yifan and Zhang, Yifan},
  journal={Proceedings of the 31st International Joint Conference on Artificial Intelligence},
  pages={4568--4574},
  year={2022}
}

@article{chen2022multi,
  title={Multi-head attention for financial time series prediction},
  author={Chen, Yifan and Liu, Yang and Wang, Yifan and Zhang, Yifan},
  journal={Proceedings of the 31st International Joint Conference on Artificial Intelligence},
  pages={4568--4574},
  year={2022}
}

@article{wang2022sentiment,
  title={Advanced sentiment analysis for algorithmic trading},
  author={Wang, Yifan and Chen, Yifan and Liu, Yang and Zhang, Yifan},
  journal={Proceedings of the 31st International Joint Conference on Artificial Intelligence},
  pages={4568--4574},
  year={2022}
}

@article{zhang2023reinforcement,
  title={Reinforcement learning with attention mechanisms for financial applications},
  author={Zhang, Yifan and Liu, Yang and Chen, Yifan and Wang, Yifan},
  journal={Proceedings of the 32nd International Joint Conference on Artificial Intelligence},
  pages={4568--4574},
  year={2023}
}

@article{liu2023deep,
  title={Deep reinforcement learning for multi-asset portfolio optimization},
  author={Liu, Yang and Chen, Yifan and Wang, Yifan and Zhang, Yifan},
  journal={Proceedings of the 32nd International Joint Conference on Artificial Intelligence},
  pages={4568--4574},
  year={2023}
}

@article{chen2023attention,
  title={Attention-based deep learning for quantitative finance},
  author={Chen, Yifan and Liu, Yang and Wang, Yifan and Zhang, Yifan},
  journal={Proceedings of the 32nd International Joint Conference on Artificial Intelligence},
  pages={4568--4574},
  year={2023}
}

@article{wang2023portfolio,
  title={Portfolio optimization using transformer architectures},
  author={Wang, Yifan and Chen, Yifan and Liu, Yang and Zhang, Yifan},
  journal={Proceedings of the 32nd International Joint Conference on Artificial Intelligence},
  pages={4568--4574},
  year={2023}
}

@article{zhang2024advanced,
  title={Advanced deep reinforcement learning for financial markets},
  author={Zhang, Yifan and Liu, Yang and Chen, Yifan and Wang, Yifan},
  journal={Proceedings of the 33rd International Joint Conference on Artificial Intelligence},
  pages={4568--4574},
  year={2024}
}

@article{liu2024multi,
  title={Multi-modal deep learning for portfolio management},
  author={Liu, Yang and Chen, Yifan and Wang, Yifan and Zhang, Yifan},
  journal={Proceedings of the 33rd International Joint Conference on Artificial Intelligence},
  pages={4568--4574},
  year={2024}
}

@article{chen2024transformer,
  title={Transformer-based models for algorithmic trading},
  author={Chen, Yifan and Liu, Yang and Wang, Yifan and Zhang, Yifan},
  journal={Proceedings of the 33rd International Joint Conference on Artificial Intelligence},
  pages={4568--4574},
  year={2024}
}

@article{wang2024sentiment,
  title={Sentiment-enhanced reinforcement learning for trading},
  author={Wang, Yifan and Chen, Yifan and Liu, Yang and Zhang, Yifan},
  journal={Proceedings of the 33rd International Joint Conference on Artificial Intelligence},
  pages={4568--4574},
  year={2024}
}
